@inproceedings{chipapers, author = {Nacke, Lennart E.}, title = {How to Write CHI Papers (Third Edition)}, year = {2019}, isbn = {9781450359719}, publisher = {Association for Computing Machinery}, address = {New York, NY, USA}, url = {https://doi.org/10.1145/3290607.3298817}, doi = {10.1145/3290607.3298817}, booktitle = {Extended Abstracts of the 2019 CHI Conference on Human Factors in Computing Systems}, articleno = {Paper C05}, numpages = {4}, keywords = {research methods, reviewing, style, writing, clarity}, location = {Glasgow, Scotland Uk}, series = {CHI EA ’19} }

@inproceedings{plpaper, author = {Weirich, Stephanie}, title = {How to Write a Good Research Paper}, year = {2015}, isbn = {9781450332996}, publisher = {Association for Computing Machinery}, address = {New York, NY, USA}, url = {https://doi.org/10.1145/2792434.2792439}, doi = {10.1145/2792434.2792439}, booktitle = {Proceedings of the Programming Languages Mentoring Workshop}, articleno = {Article 5}, numpages = {1}, location = {Mumbai, India}, series = {PLMW ’15} }

@inproceedings{sigraphpaper, author = {Salesin, David}, title = {How to Write a SIGGRAPH Paper: A Guide to Choosing a Good Research Topic, Doing the Research, and Writing It Up}, year = {2016}, isbn = {9781450345385}, publisher = {Association for Computing Machinery}, address = {New York, NY, USA}, url = {https://doi.org/10.1145/2988458.2988471}, doi = {10.1145/2988458.2988471}, booktitle = {SIGGRAPH ASIA 2016 Courses}, articleno = {Article 3}, numpages = {103}, location = {Macau}, series = {SA ’16} }

@misc{redditref,
  author = {Reddit-archive},
  title = {Reddit},
  year = {2017},
  publisher = {GitHub},
  journal = {GitHub repository},
  howpublished = {\url{https://github.com/reddit-archive/reddit}},
  commit = {753b17407e9a9dca09558526805922de24133d53}
}

@misc{yelpdatasetref,
  author = {Yelp, INC},
  title = {Yelp Dataset},
  year = {2022},
  publisher = {Yelp, INC},
  journal = {kaggle},
  howpublished = {\url{https://www.kaggle.com/datasets/yelp-dataset/yelp-dataset}},
}
